@misc{OES,
	author = "Bureau of Labor Statistics, U.S. Department of Labor",
	title = "{Occupational Employment Statistics}",
	howpublished = "\url{www.bls.gov/oes}",
	note = "[dataset; accessed April-14-2020]"
}

@misc{crosswalks,
	author = "U.S. Census Bureau",
	title = "{Industry and Occupation Code Lists and Crosswalks}",
	howpublished = "\url{https://www.census.gov/topics/employment/industry-occupation/guidance/code-lists.html}",
	note = "[Online; accessed April-14-2020]"
}

@misc{tpearn,
	author = "U.S. Census Bureau",
	title = "{Components of Total Income}",
	howpublished = "\url{https://www.census.gov/programs-surveys/sipp/about/sipp-content-information/components-of-total-income.html}",
	note = "[Online; accessed April-14-2020]"
}

@misc{ACS,
	author = "U.S. Census Bureau",
	title = "{American Community Survey}",
	howpublished = "\url{https://www.census.gov/programs-surveys/acs}",
	note = "[dataset; accessed April-14-2020]"
}

@misc{IPUMS,
	author = "S. Ruggles and S. Flood and R. Goeken and J. Grover and E. Meyer and J. Pacas and M. Sobek",
	title = "{IPUMS USA: Version 10.0}",
	address = "Minneapolis, {MN: IPUMS}, 2020",
	howpublished = "\url{https://doi.org/10.18128/D010.V10.0}",
	note = "[dataset; accessed April-14-2020]"
}

@misc{brookings,
	author = "Adie Tomer and Joseph W. Kane",
	title = "How to protect essential workers during {COVID-19}",
	howpublished = "\url{https://www.brookings.edu/research/how-to-protect-essential-workers-during-covid-19/}",
	note = "[Online; accessed April-14-2020]"
}

@misc{DN,
	author = "Jonathan Dingel and Brent Neiman",
	title = "How Many Jobs Can be Done at Home?",
	howpublished = "\url{https://github.com/jdingel/DingelNeiman-workathome/}",
	note = "[Online; accessed April-14-2020]"
}